@DocuShare{LDM-,
author = {},
title={},
year={20},
month={Sept},
url={http://ls.st/LDM-},
note={},
llnote={},
docusharenumber={LDM-},
docushareshortnumber={{LDM-}}
}

@DocuShare{LDM-135,
author = {Jacek Becla and Daniel Wang and Serge Monkewitz and K-T Lim and Douglas Smith and Bill Chickering},
title={Database Design},
year={2013},
month=oct,
url={http://ls.st/LDM-135},
note={},
llnote={},
docusharenumber={LDM-135},
docushareshortnumber={{LDM-135}}
}

@DocuShare{LDM-156,
author = {Jonathan Myers and Lynne Jones and Tim Axelrod},
title={Moving Object Pipeline System Design},
year={2013},
month=oct,
url={http://ls.st/LDM-156},
note={},
llnote={},
docusharenumber={LDM-156},
docushareshortnumber={{LDM-156}}
}

@DocuShare{LDM-131,
author = {Schuyler {van Dyk} and Deborah Levine},
title={Science User Interface and Science User Tools Conceptual Design},
year={2013},
month=oct,
url={http://ls.st/LDM-131},
note={},
llnote={},
docusharenumber={LDM-131},
docushareshortnumber={{LDM-131}}
}

@DocuShare{LDM-134,
author = {Mario Juric and Robyn Allsman and Jeff Kantor},
title={Data Management Applications UML Use Case Model},
year={2013},
month=oct,
url={http://ls.st/LDM-134},
note={},
llnote={},
docusharenumber={LDM-134},
docushareshortnumber={{LDM-134}}
}

@DocuShare{LDM-133,
author = {Mario Juric and Kian-Tat Lim and Jeff Kantor},
title={Data Management UML Domain Model},
year={2013},
month=oct,
url={http://ls.st/LDM-133},
note={},
llnote={},
docusharenumber={LDM-133},
docushareshortnumber={{LDM-133}}
}

@DocuShare{LDM-240,
 author = {Jeff Kantor and Mario Juric and Kian-Tat Lim},
 title={Data Management Releases},
 year={2016},
 month=feb,
 url={http://ls.st/LDM-240},
 note={},
 llnote={},
 docusharenumber={LDM-240},
 docushareshortnumber={{LDM-240}}
}

@DocuShare{LPM-17,
author = {{\v Z}. {Ivezi{\'c}} and {The LSST Science Collaboration}},
title={LSST Science Requirements Document},
year={2011},
month=jul,
url={http://ls.st/LPM-17},
note={},
llnote={},
docusharenumber={LPM-17},
docushareshortnumber={{LPM-17}}
}

@DocuShare{LSE-29,
author = {Charles F. Claver and {The LSST Systems Engineering Integrated Project Team}},
title={LSST System Requirements},
year={2016},
month=aug,
url={http://ls.st/LSE-29},
note={},
llnote={},
docusharenumber={LSE-29},
docushareshortnumber={{LSE-29}}
}

@DocuShare{LSE-30,
author = {Charles F. Claver and {The LSST Systems Engineering Integrated Project Team}},
title={LSST System Requirements},
year={2016},
month=aug,
url={http://ls.st/LSE-30},
note={},
llnote={},
docusharenumber={LSE-30},
docushareshortnumber={{LSE-30}}
}

@DocuShare{LSE-61,
author = {Gregory Dubois-Felsmann},
title={LSST Data Management Subsystem Requirements},
year={2016},
month=feb,
url={http://ls.st/LSE-61},
note={},
llnote={},
docusharenumber={LSE-61},
docushareshortnumber={{LSE-61}}
}

@DocuShare{LSE-63,
author = {Tony Tyson and {DQA Team} and {Science Collaboration}},
title={Data quality Assurance Plan: Requirements for hte LSST Data Quality Assessment Framework},
year={2011},
month=jul,
url={http://ls.st/LSE-63},
note={},
llnote={},
docusharenumber={LSE-63},
docushareshortnumber={{LSE-63}}
}

@DocuShare{LSE-81,
author = {Gregory Dubois-Felsmann},
title={LSST Science and Project Sizing Inputs},
year={2013},
month=oct,
url={http://ls.st/LSE-81},
note={},
llnote={},
docusharenumber={LSE-81},
docushareshortnumber={{LSE-81}}
}

@DocuShare{LSE-163,
 author = {Mario Juric and others},
 title={LSST Data Products Definition Document},
 year={2017},
 month={April},
 url={http://ls.st/LSE-163},
 note={},
 llnote={},
 docusharenumber={LSE-163},
 docushareshortnumber={{LSE-163}}
}

@DocuShare{LSE-180,
author = {Lynne Jones},
title={Level 2 Photometric Calibration for the LSST Survey},
year={2013},
month=nov,
url={http://ls.st/LSE-180},
note={},
llnote={},
docusharenumber={LSE-180},
docushareshortnumber={{LSE-180}}
}

@DocuShare{Document-15125,
author = {Peter Yoachim and Lynne Jones and {\v Z}. {Ivezi{\'c}}  and Tim Axelrod},
title={Photometric Self Calibration Design and Prototype},
year={2013},
month=oct,
url={http://ls.st/Document-15125},
note={},
llnote={},
docusharenumber={Document-15125},
docushareshortnumber={{Document-15125}}
}

@DocuShare{SUIT-VISION,
author = {David R. Ciardi and Xiuqin Wu and Gregory Dubois-Felsmann},
title={A Vision for the Science User Interface and Tools},
institution={IPAC},
year={2016},
month={Sept},
url={https://ls.st/LDM-492},
note={},
llnote={},
docusharenumber={LDM-492},
docushareshortnumber={{LDM-492}}
}

@DocuShare{LDM-130,
author = {Unknown},
title={LSST Science User Interface and Tools Requirements},
institution={IPAC},
year={2017},
month={Sept},
url={http://ls.st/LDM-130},
note={},
llnote={},
docusharenumber={LDM-130},
docushareshortnumber={{LDM-130}}
}

@DocuShare{LDM-148,
author = {Jeff Kantor and Tim Axelrod},
title={Data Management System Design},
year={2013},
month={Oct},
url={http://ls.st/LDM-148},
note={},
llnote={},
docusharenumber={LDM-148},
docushareshortnumber={{LDM-148}}
}

@DocuShare{LDM-230,
author = {Kian-Tat Lim},
title={Automated Operation of the LSST Data Management System},
year={2013},
month={Oct},
url={http://ls.st/LDM-230},
note={},
llnote={},
docusharenumber={LDM-230},
docushareshortnumber={{LDM-230}}
}

@DocuShare{LDM-129,
author = {Mike Freemon and Jeff Kantor},
title={Data Management Infrastructure Design},
year={2013},
month={Oct},
url={http://ls.st/LDM-129},
note={},
llnote={},
docusharenumber={LDM-129},
docushareshortnumber={{LDM-129}}
}

@DocuShare{LDM-152,
author = {Kian-Tat Lim and Ray Plante and Gregory Dubois-Felsmann},
title={Data Management Middleware Design},
year={2013},
month={Oct},
url={http://ls.st/LDM-152},
note={},
llnote={},
docusharenumber={LDM-152},
docushareshortnumber={{LDM-152}}
}

@DocuShare{LDM-146,
author = {Kian-Tat Lim and Robyn Allsman and Jeff Kantor},
title={Data Management Middleware UML Use Case and Activity Model},
year={2013},
month={Oct},
url={http://ls.st/LDM-146},
note={},
llnote={},
docusharenumber={LDM-146},
docushareshortnumber={{LDM-146}}
}

@DocuShare{LDM-140,
author = {Kian-Tat Lim and Chris Smith and Tim Axelrod and Gregory Dubois-Felsmann and Mike Freemon},
title={Data Management Compute Sizing Explanation},
year={2013},
month={Oct},
url={http://ls.st/LDM-140},
note={},
llnote={},
docusharenumber={LDM-140},
docushareshortnumber={{LDM-140}}
}

@DocuShare{LDM-138,
author = {Jeff Kantor and Tim Axelrod and Kian-Tat Lim},
title={Data Management Compute Sizing Model},
year={2013},
month={Oct},
url={http://ls.st/LDM-138},
note={},
llnote={},
docusharenumber={LDM-138},
docushareshortnumber={{LDM-138}}
}

@DocuShare{LDM-139,
author = {Jacek Becla},
title={Data Management Storage Sizing and I/O Model Explanation},
year={2013},
month={Oct},
url={http://ls.st/LDM-139},
note={},
llnote={},
docusharenumber={LDM-139},
docushareshortnumber={{LDM-139}}
}

@DocuShare{LDM-141,
author = {Unknown},
title={Data Management Storage Sizing and I/O Model},
year={2013},
month={Oct},
url={http://ls.st/LDM-141},
note={},
llnote={},
docusharenumber={LDM-141},
docushareshortnumber={{LDM-141}}
}

@DocuShare{LDM-143,
author = {Mike Freemon and Steve Pietrowicz},
title={Site Specific Infrastructure Estimation Explanation},
year={2013},
month={Oct},
url={http://ls.st/LDM-143},
note={},
llnote={},
docusharenumber={LDM-143},
docushareshortnumber={{LDM-143}}
}

@DocuShare{LDM-144,
author = {Unknown},
title={Site Specific Infrastructure Estimation Model},
year={2016},
month={Jan},
url={http://ls.st/LDM-144},
note={},
llnote={},
docusharenumber={LDM-144},
docushareshortnumber={{LDM-144}}
}

@DocuShare{LPM-55,
author = {Donald Sweeney and Robert McKercher },
title={Project Quality Assurance Plan},
year={2013},
month={August},
url={http://ls.st/LPM-55},
note={},
llnote={},
docusharenumber={LPM-55},
docushareshortnumber={{LPM-55}}
}

@DocuShare{LPM-20,
author = {Victor Krabbendam and Brian Selvy},
title={Risk \& Opportunity Management Plan},
year={2015},
month={August},
url={http://ls.st/LPM-20},
note={},
llnote={},
docusharenumber={LPM-20},
docushareshortnumber={{LPM-20}}
}

@DocuShare{LPM-51,
author = {Robert McKercher },
title={Document Management Plan },
year={2013},
month={August},
url={http://ls.st/LPM-51},
note={},
llnote={},
docusharenumber={LPM-51},
docushareshortnumber={{LPM-51}}
}

@DocuShare{LDM-512,
author = {Tim Jenness and William O'Mullane},
title={Data Management Risk Assessment Process },
year={2017},
month={April},
url={http://ls.st/LDM-512},
note={},
llnote={},
docusharenumber={LDM-512},
docushareshortnumber={{LDM-512}}
}
